@article{Promedio,
  author            = {Roberto Gutiérrez Alcalá},
  date              = {26 de enero},
  journaltitle      = {Scientific reports},
  title             = {2022, quinto año con la temperatura promedio más elevada desde 1880},
  year              = {2023}
}

@article{Informe,
  author            = {Laura Lucía Romero Mireles},
  date              = {3 de marzo},
  journaltitle      = {Gaceta UNAM},
  title             = {Más de 8,400 especies de flora y fauna, en peligro crítico de extinción en la Tierra},
  year              = {2022}
}

@article{Jornada1,
  author            = {José Roca},
  date              = {25 de enero},
  journaltitle      = {La Jornada},
  title             = {De 197, solo 16 países cumplen su compromiso con el Acuerdo de París},
  year              = {2021}
}

@article{Especies,
  author            = {Laura Lucía Romero Mireles},
  date              = {3 de marzo},
  journaltitle      = {Gaceta UNAM},
  title             = {Más de 8,400 especies de flora y fauna, en peligro crítico de extinción en la Tierra},
  year              = {2023}
}

@article{Urge,
  author            = {Patricia López Suárez},
  date              = {3 de marzo},
  journaltitle      = {Gaceta UNAM},
  title             = {Urgen acciones para contender con el cambio climático},
  year              = {2022}
}

@article{Thunberg,
  author            = {Justin Rowlatt},
  date              = {20 de septiembre},
  journaltitle      = {BBC News},
  title             = {Cambio climático: ¿sirven de algo nuestras acciones individuales para frenar el calentamiento global?},
  year              = {2019}
}